<record><leader>01887cam a2200337 a 4500</leader><controlfield tag="001">1355410</controlfield><controlfield tag="008">910208s1985    ntc               0 eng o</controlfield><datafield ind1=" " ind2=" " tag="035"><subfield code="a">ocm70343645</subfield></datafield><datafield ind1=" " ind2=" " tag="040"><subfield code="b">eng</subfield></datafield><datafield ind1=" " ind2=" " tag="043"><subfield code="a">n-cn-nt</subfield></datafield><datafield ind1=" " ind2=" " tag="049"><subfield code="a">AEU</subfield><subfield code="b">eng</subfield></datafield><datafield ind1=" " ind2="3" tag="055"><subfield code="a">QH 541.5 P</subfield></datafield><datafield ind1=" " ind2=" " tag="080"><subfield code="a">622.323[Norman Wells] DOW</subfield></datafield><datafield ind1=" " ind2=" " tag="090"><subfield code="a">QH 541.5 P6 D752 1985</subfield><subfield code="b">AEU</subfield></datafield><datafield ind1="0" ind2="2" tag="245"><subfield code="a">A downstream perspective :</subfield><subfield code="b">Dene concerns with the environmental assessment, monitoring and surveillance of the Norman Wells Project, with particular reference to fish and water quality /</subfield><subfield code="c">Dene Nation.</subfield></datafield><datafield ind1=" " ind2=" " tag="260"><subfield code="a">Yellowknife, N.W.T. :</subfield><subfield code="b">Dene Nation,</subfield><subfield code="c">1985.</subfield></datafield><datafield ind1=" " ind2=" " tag="300"><subfield code="a">19, [4] leaves ;</subfield><subfield code="c">28 cm.</subfield></datafield><datafield ind1=" " ind2=" " tag="336"><subfield code="a">text</subfield><subfield code="b">txt</subfield><subfield code="2">rdacontent</subfield></datafield><datafield ind1=" " ind2=" " tag="337"><subfield code="a">unmediated</subfield><subfield code="b">n</subfield><subfield code="2">rdamedia</subfield></datafield><datafield ind1=" " ind2=" " tag="338"><subfield code="a">volume</subfield><subfield code="b">nc</subfield><subfield code="2">rdacarrier</subfield></datafield><datafield ind1=" " ind2=" " tag="520"><subfield code="a">This paper addresses the concerns of the Dene of the Norman Wells area, Northwest Territories, with the water quality of the Mackenzie River and with the effect on fish, of the Norman Wells Oilfield Expansion and Pipeline Project from 1982 to 1985. It includes recommendations to improve estimates of environmental impacts of projects, and to improve response to unanticipated impacts.</subfield></datafield><datafield ind1=" " ind2=" " tag="596"><subfield code="a">48</subfield></datafield><datafield ind1="2" ind2="0" tag="610"><subfield code="a">Norman Wells Oilfield Expansion and Pipeline Project</subfield><subfield code="x">Environmental aspects.</subfield></datafield><datafield ind1=" " ind2="0" tag="650"><subfield code="a">Tinne Indians</subfield><subfield code="x">Government relations.</subfield></datafield><datafield ind1=" " ind2="0" tag="650"><subfield code="a">Fishes</subfield><subfield code="z">Northwest Territories</subfield><subfield code="z">Mackenzie River Watershed</subfield><subfield code="x">Effect of water pollution on.</subfield></datafield><datafield ind1=" " ind2="0" tag="650"><subfield code="a">Water</subfield><subfield code="x">Pollution</subfield><subfield code="z">Northwest Territories</subfield><subfield code="z">Mackenzie River Watershed.</subfield></datafield><datafield ind1=" " ind2="0" tag="650"><subfield code="a">Indians of North America</subfield><subfield code="z">Canada</subfield><subfield code="x">Government relations</subfield><subfield code="y">1934-</subfield></datafield><datafield ind1=" " ind2="0" tag="651"><subfield code="a">Norman Wells (N.W.T.)</subfield><subfield code="x">Industries</subfield><subfield code="x">Environmental aspects.</subfield></datafield><datafield ind1=" " ind2="0" tag="651"><subfield code="a">Mackenzie River (N.W.T.)</subfield><subfield code="x">Effect of water pollution on.</subfield></datafield><datafield ind1="2" ind2=" " tag="710"><subfield code="a">Dene Nation.</subfield></datafield><datafield ind1=" " ind2=" " tag="926"><subfield code="a">QH 541.5 P6 D752 1985</subfield><subfield code="w">LC</subfield><subfield code="c">1</subfield><subfield code="i">000035700285</subfield><subfield code="d">11/22/2010</subfield><subfield code="e">11/5/2010</subfield><subfield code="l">POLAR</subfield><subfield code="m">UASCITECH</subfield><subfield code="n">21</subfield><subfield code="p">$150.00</subfield><subfield code="r">Y</subfield><subfield code="s">Y</subfield><subfield code="t">BOOK</subfield><subfield code="u">2/21/1991</subfield></datafield></record>